@misc{Abedi2021Affectdriven,
  author  = {Abedi, Ali and Khan, Shehroz},
  title   = {Affect-Driven Engagement Measurement from Videos},
  publisher = {arXiv:2106.10882},
  year    = {2021}
}

@inproceedings{Anagnostopoulou2021Engagement,
  author    = {Anagnostopoulou, Dafni and Efthymiou, Niki and Papailiou, Christina and Maragos, Petros},
  title     = {Engagement Estimation During Child Robot Interaction Using Deep Convolutional Networks Focusing on ASD Children},
  booktitle = {IEEE International Conference on Robotics and Automation},
  year      = {2021},
  pages     = {3641--3647}
}

@article{Archambault2017Joint,
  author  = {Archambault, Isabelle and Dup{\'e}r{\'e}, V{\'e}ronique},
  title   = {Joint trajectories of behavioral, affective, and cognitive engagement in elementary school},
  journal = {The Journal of Educational Research},
  year    = {2017},
  volume  = {19},
  number  = {10},
  pages   = {859--870}
}

@inproceedings{Baltrusaitis2018OpenFace,
  author    = {Baltrusaitis, Tadas and Zadeh, Amir and Lim, Yao Chong and Morency, Louis-Philippe},
  title     = {OpenFace 2.0: Facial Behavior Analysis Toolkit},
  booktitle = {Proceedings of the IEEE International Conference on Automatic Face \& Gesture Recognition},
  year      = {2018},
  pages     = {59--66}
}

@article{BenEliyahu2018Investigating,
  author  = {{Ben-Eliyahu}, Adar and Moore, Debra and Dorph, Rena and Schunn, Christian D},
  title   = {Investigating the Multidimensionality of Engagement: Affective, Behavioral, and Cognitive Engagement across Science Activities and Contexts},
  journal = {Contemporary Educational Psychology},
  year    = {2018},
  volume  = {53},
  pages   = {87--105}
}

@article{BenYoussef2019Early,
  author  = {Ben Youssef, Atef and Clavel, Chloe and Essid, Slim},
  title   = {Early Detection of User Engagement Breakdown in Spontaneous Human-Humanoid Interaction},
  journal = {IEEE Transactions on Affective Computing},
  year    = {2019},
  volume  = {12},
  number  = {3},
  pages   = {776--787}
}

@inproceedings{Castellano2009Detecting,
  author    = {Castellano, Ginevra and Pereira, Andr{\'e} and Leite, Iolanda and Paiva, Ana and McOwan, Peter W},
  title     = {Detecting User Engagement with a Robot Companion Using Task and Social Interaction-Based Features},
  booktitle = {Proceedings of the International Conference on Multimodal Interfaces},
  year      = {2009},
  pages     = {119--126}
}

@article{Celiktutan2019Multimodal,
  author  = {Celiktutan, Oya and Skordos, Efstratios and Gunes, Hatice},
  title   = {Multimodal Human-Human-Robot Interactions (MHHRI) Dataset for Studying Personality and Engagement},
  journal = {IEEE Transactions on Affective Computing},
  year    = {2019},
  volume  = {10},
  number  = {4},
  pages   = {484--497}
}

@inproceedings{Chen2021Deep,
  author    = {Chen, Chun-Fu Richard and Panda, Rameswar and Ramakrishnan, Kandan and Feris, Rogerio and Cohn, John and Oliva, Aude and Fan, Quanfu},
  title     = {Deep analysis of cnn-based spatio-temporal representations for action recognition},
  booktitle = {Proceedings of the IEEE Conference on Computer Vision and Pattern Recognition (CVPR)},
  year      = {2021},
  pages     = {6165--6175}
}

@incollection{Finn2012Student,
  author    = {Finn, Jeremy D and Zimmer, Kayla S},
  editor    = {Christenson, Sandra L and Reschly, Amy L and Wylie, Cathy},
  title     = {Student Engagement: What Is It? Why Does It Matter?},
  booktitle = {Handbook of Research on Student Engagement},
  publisher = {Springer},
  year      = {2012},
  volume    = {840},
  pages     = {97--131}
}

@book{Clark1996Using,
  author    = {Clark, Herbert H},
  title     = {Using language},
  year      = {1996},
  publisher = {Cambridge University Press}
}

@article{Cohen2009Engagement,
  author  = {Cohen-Mansfield, Jiska and Dakheel-Ali, Maha and Marx, Marcia S},
  title   = {Engagement in Persons With Dementia: The Concept and Its Measurement},
  journal = {The American Journal of Geriatric Psychiatry},
  year    = {2009},
  volume  = {17},
  number  = {4},
  pages   = {299--307}
}

@article{CohenMansfield2011Comprehensive,
  author  = {Jiska Cohen-Mansfield and Marcia S Marx and Laurence S Freedman and Havi Murad and Natalie G Regier and Khin Thein and Maha Dakheel-Ali},
  title   = {The Comprehensive Process Model of Engagement},
  journal = {The American Journal of Geriatric Psychiatry},
  year    = {2011}
}

@incollection{Corrigan2016Engagement,
  author    = {Corrigan, Lee J and Peters, Christopher and K{\"u}ster, Dennis and Castellano, Ginevra},
  title     = {Engagement perception and generation for social robots and virtual agents},
  booktitle = {Toward Robotic Socially Believable Behaving Systems},
  year      = {2016},
  volume    = {19},
  pages     = {29--51},
  publisher = {Springer International Publishing}
}

@article{DelDuchetto2020Are,
  author  = {Del Duchetto, Francesco and Baxter, Paul and Hanheide, Marc},
  title   = {Are You Still With Me? Continuous Engagement Assessment from a Robot's Point of View},
  journal = {Frontiers in Robotics and AI},
  year    = {2020},
  volume  = {7},
  pages   = {116}
}

@inproceedings{Deng2009ImageNet,
  author    = {Deng, Jia and Dong, Wei and Socher, Richard and Li, Li-Jia and Li, Kai and Li, Fei-Fei},
  title     = {{ImageNet}: A Large-Scale Hierarchical Image Database},
  booktitle = {Proceedings of the IEEE Conference on Computer Vision and Pattern Recognition (CVPR)},
  year      = {2009},
  pages     = {248--255}
}

@inproceedings{Deng2020RetinaFace,
  author    = {Deng, Jiankang and Guo, Jia and Ververas, Evangelos and Kotsia, Irene and Zafeiriou, Stefanos},
  title     = {{RetinaFace}: Single-Shot Multi-Level Face Localisation in the Wild},
  booktitle = {Proceedings of the IEEE Conference on Computer Vision and Pattern Recognition (CVPR)},
  year      = {2020},
  pages     = {5203--5212}
}

@article{Feng2021ContextEnhanced,
  author  = {Feng, Yuan and Perugia, Giulia and Yu, Suihuai and Barakova, Emilia I and Hu, Jun and Rauterberg, G W Matthias},
  title   = {Context-Enhanced Human-Robot Interaction: Exploring the Role of System Interactivity and Multimodal Stimuli on the Engagement of People with Dementia},
  journal = {International Journal of Social Robotics},
  year    = {2021},
  volume  = {14},
  number  = {3},
  pages   = {807--826}
}

@article{Folster2014Facial,
  author  = {F{\"o}lster, Mara and Hess, Ursula and Werheid, Katja},
  title   = {Facial age affects emotional expression decoding},
  journal = {Frontiers in Psychology},
  year    = {2014},
  volume  = {5}
}

@article{Gao2020NGage,
  author  = {Gao, Nan and Shao, Wei and Rahaman, Mohammad Saiedur and Salim, Flora D},
  title   = {N-{Gage}: Predicting in-Class Emotional, Behavioural and Cognitive Engagement in the Wild},
  journal = {Proceedings of the ACM on Interactive, Mobile, Wearable and Ubiquitous Technologies},
  year    = {2020},
  volume  = {4},
  number  = {3},
  pages   = {1--26}
}

@article{Ghafurian2021Social,
  author  = {Ghafurian, Moojan and Hoey, Jesse and Dautenhahn, Kerstin},
  title   = {Social Robots for the Care of Persons with Dementia: A Systematic Review},
  journal = {ACM Transactions on Human-Robot Interaction},
  year    = {2021},
  volume  = {10},
  number  = {4},
  pages   = {1--31}
}

@book{Goffman1981Forms,
  author    = {Goffman, Erving},
  title     = {Forms of talk},
  year      = {1981},
  publisher = {University of Pennsylvania Press}
}

@misc{Guhan2020ABCNet,
  author  = {Guhan, Pooja and Agarwal, Manas and Awasthi, Naman and Reeves, Gloria and Manocha, Dinesh and Bera, Aniket},
  title   = {ABC-Net: Semi-Supervised Multimodal {GAN}-based Engagement Detection Using an Affective, Behavioral and Cognitive Model},
  publisher = {arXiv:2011.08690},
  year    = {2020}
}

@article{Guo2013Facial,
  author  = {Guo, Guodong and Guo, Rui and Li, Xin},
  title   = {Facial Expression Recognition Influenced by Human Aging},
  journal = {IEEE Transactions on Affective Computing},
  year    = {2013},
  volume  = {4},
  number  = {3},
  pages   = {291--298}
}

@inproceedings{Hadfield2019Deep,
  author    = {Hadfield, Jack and Chalvatzaki, Georgia and Koutras, Petros and Khamassi, Mehdi and Tzafestas, Costas S and Maragos, Petros},
  title     = {A Deep Learning Approach for Multi-View Engagement Estimation of Children in a Child-Robot Joint Attention Task},
  booktitle = {IEEE/RSJ International Conference on Intelligent Robots and Systems},
  year      = {2019},
  pages     = {1251--1256}
}

@inproceedings{Hara2018Can,
  author    = {Hara, Kensho and Kataoka, Hirokatsu and Satoh, Yutaka},
  title     = {Can spatiotemporal 3d cnns retrace the history of 2d cnns and imagenet?},
  booktitle = {Proceedings of the IEEE Conference on Computer Vision and Pattern Recognition (CVPR)},
  year      = {2018},
  pages     = {6546--6555}
}

@inproceedings{He2016Deep,
  author    = {He, Kaiming and Zhang, Xiangyu and Ren, Shaoqing and Sun, Jian},
  title     = {Deep Residual Learning for Image Recognition},
  booktitle = {Proceedings of the IEEE Conference on Computer Vision and Pattern Recognition (CVPR)},
  year      = {2016},
  pages     = {770--778}
}

@inproceedings{He2017Mask,
  author    = {He, Kaiming and Gkioxari, Georgia and Doll{\'a}r, Piotr and Girshick, Ross},
  title     = {Mask {R-CNN}},
  booktitle = {Proceedings of the IEEE Conference on Computer Vision and Pattern Recognition (CVPR)},
  year      = {2017},
  pages     = {2961--2969}
}

@article{Jain2020Modeling,
  author  = {Jain, Shomik and Thiagarajan, Balasubramanian and Shi, Zhonghao and Clabaugh, Caitlyn and Matari{\'c}, Maja J},
  title   = {Modeling Engagement in Long-Term, in-Home Socially Assistive Robot Interventions for Children with Autism Spectrum Disorders},
  journal = {Science Robotics},
  year    = {2020},
  volume  = {5},
  number  = {39},
  pages   = {eaaz3791}
}

@article{Jones2018Engagement,
  author  = {Jones, Cindy and Sung, Billy and Moyle, Wendy},
  title   = {Engagement of a Person with Dementia Scale: Establishing content validity and psychometric properties},
  journal = {Journal of Advanced Nursing},
  year    = {2018},
  volume  = {74},
  number  = {9},
  pages   = {2227--2240}
}

@misc{Kay2017Kinetics,
  author  = {Kay, Will and Carreira, Joao and Simonyan, Karen and Zhang, Brian and Hillier, Chloe and Vijayanarasimhan, Sudheendra and Viola, Fabio and Green, Tim and Back, Trevor and Natsev, Paul and Suleyman, Mustafa and Zisserman, Andrew},
  title   = {The Kinetics Human Action Video Dataset},
  publisher = {arXiv:1705.06950},
  year    = {2017}
}

@article{Krizhevsky2012Imagenet,
  author  = {Krizhevsky, Alex and Sutskever, Ilya and Hinton, Geoffrey E},
  title   = {Imagenet classification with deep convolutional neural networks},
  journal = {Advances in neural information processing systems},
  year    = {2012},
  volume  = {25},
  pages   = {}
}

@inproceedings{Mishra2021Does,
  author    = {Mishra, Nidhi and Tulsulkar, Gauri and Li, Hanhui and Thalmann, Nadia Magnenat and Er, Lim Hwee and Ping, Lee Mei and Khoong, Cheng Siok},
  title     = {Does elderly enjoy playing bingo with a robot? a case study with the humanoid robot nadine},
  booktitle = {Computer Graphics International Conference},
  year      = {2021},
  pages     = {491--503}
}

@article{Monkaresi2017Automated,
  author  = {Monkaresi, Hamed and Bosch, Nigel and Calvo, Rafael A and D'Mello, Sidney K},
  journal = {IEEE Transactions on Affective Computing},
  title   = {Automated Detection of Engagement Using Video-Based Estimation of Facial Expressions and Heart Rate},
  year    = {2017},
  volume  = {8},
  number  = {1},
  pages   = {15--28}
}

@article{Moyle2017Use,
  author  = {Moyle, Wendy and Jones, Cindy J and Murfield, Jenny E and Thalib, Lukman and Beattie, Elizabeth R A and Shum, David K H and O'Dwyer, Siobhan T and Mervin, M Cindy and Draper, Brian M},
  title   = {Use of a Robotic Seal as a Therapeutic Tool to Improve Dementia Symptoms: A Cluster-Randomized Controlled Trial},
  journal = {Journal of the American Medical Directors Association},
  year    = {2017},
  volume  = {18},
  number  = {9},
  pages   = {766--773}
}

@article{OBrien2008What,
  author  = {O'Brien, Heather L and Toms, Elaine G},
  title   = {What is user engagement? A conceptual framework for defining user engagement with technology},
  journal = {Journal of the American Society for Information Science and Technology},
  year    = {2008},
  volume  = {59},
  number  = {6},
  pages   = {938--955}
}

@article{Oertel2020Engagement,
  author  = {Oertel, Catharine and Castellano, Ginevra and Chetouani, Mohamed and Nasir, Jauwairia and Obaid, Mohammad and Pelachaud, Catherine and Peters, Christopher},
  title   = {Engagement in Human-Agent Interaction: An Overview},
  journal = {Frontiers in Robotics and AI},
  year    = {2020},
  volume  = {7},
  pages   = {92}
}

@article{Oertel2021EngagementAware,
  author  = {Oertel, Catharine and Jonell, Patrik and Kontogiorgos, Dimosthenis and Mora, Kenneth Funes and Odobez, Jean-Marc and Gustafson, Joakim},
  title   = {Towards an Engagement-Aware Attentive Artificial Listener for Multi-Party Interactions},
  journal = {Frontiers in Robotics and AI},
  year    = {2021},
  volume  = {8}
}

@inproceedings{Parekh2018AVEID,
  author    = {Parekh, Viral and Foong, Pin Sym and Zhao, Shengdong and Subramanian, Ramanathan},
  title     = {AVEID: Automatic Video System for Measuring Engagement In Dementia},
  booktitle = {Proceedings of the International Conference on Intelligent User Interfaces},
  year      = {2018},
  pages     = {409--413}
}

@inproceedings{Park2019ModelFree,
  author    = {Park, Hae Won and Grover, Ishaan and Spaulding, Samuel and Gomez, Louis and Breazeal, Cynthia},
  title     = {A Model-Free Affective Reinforcement Learning Approach to Personalization of an Autonomous Social Robot Companion for Early Literacy Education},
  booktitle = {Proceedings of the AAAA Conference on Artificial Intelligence},
  year      = {2019},
  pages     = {687--694}
}

@inproceedings{Parkhi2015Deep,
  author    = {Omkar M Parkhi and Andrea Vedaldi and Andrew Zisserman},
  title     = {Deep Face Recognition},
  booktitle = {Proceedings of the British Machine Vision Conference},
  year      = {2015},
  pages     = {41.1--41.12}
}

@article{Perugia2020ENGAGEDEM,
  author  = {Perugia, Giulia and {D{\'i}az-Boladeras}, Marta and {Catal{\`a}-Mallofr{\'e}}, Andreu and Barakova, Emilia I and Rauterberg, Matthias},
  title   = {{ENGAGE-DEM}: A Model of Engagement of People With Dementia},
  journal = {IEEE Transactions on Affective Computing},
  year    = {2022},
  volume  = {13},
  number  = {2},
  pages   = {926--943}
}

@incollection{Poggi2013Mind,
  author    = {Poggi, Isabella},
  title     = {Mind, hands, face, and body: A sketch of a goal and belief view of multimodal communication},
  booktitle = {Body - Language - Communication},
  year      = {2013},
  volume    = {1},
  pages     = {627--647},
  publisher = {De Gruyter Mouton}
}

@inproceedings{Rudovic2019Personalized,
  author    = {Rudovic, Ognjen and Park, Hae Won and Busche, John and Schuller, Bjorn and Breazeal, Cynthia and Picard, Rosalind W},
  title     = {Personalized Estimation of Engagement from Videos Using Active Learning with Deep Reinforcement Learning},
  booktitle = {Proceedings of the IEEE/CVF Conference on Computer Vision and Pattern Recognition Workshops (CVPRW)},
  year      = {2019},
  pages     = {217--226}
}

@article{Salam2017Fully,
  author  = {Salam, Hanan and Celiktutan, Oya and Hupont, Isabelle and Gunes, Hatice and Chetouani, Mohamed},
  title   = {Fully Automatic Analysis of Engagement and Its Relationship to Personality in Human-Robot Interactions},
  journal = {IEEE Access},
  year    = {2017},
  volume  = {5},
  pages   = {705--721}
}

@inproceedings{Saleh2021Improving,
  author    = {Saleh, Khaled and Yu, Kun and Chen, Fang},
  title     = {Improving Users Engagement Detection Using End-to-End Spatio-Temporal Convolutional Neural Networks},
  booktitle = {Companion of the ACM/IEEE International Conference on Human-Robot Interaction},
  year      = {2021},
  pages     = {190--194}
}

@article{Scarselli2008Graph,
  author  = {Scarselli, Franco and Gori, Marco and Tsoi, Ah Chung and Hagenbuchner, Markus and Monfardini, Gabriele},
  title   = {The graph neural network model},
  journal = {IEEE Transactions on Neural Networks},
  year    = {2008},
  volume  = {20},
  number  = {1},
  pages   = {61--80}
}

@inproceedings{She2021Dive,
  author    = {She, Jiahui and Hu, Yibo and Shi, Hailin and Wang, Jun and Shen, Qiu and Mei, Tao},
  title     = {Dive into ambiguity: latent distribution mining and pairwise uncertainty estimation for facial expression recognition},
  booktitle = {Proceedings of the IEEE Conference on Computer Vision and Pattern Recognition (CVPR)},
  year      = {2021},
  pages     = {6248--6257}
}

@article{Sidner2005Explorations,
  author  = {Sidner, Candace L and Lee, Christopher and Kidd, Cory D and Lesh, Neal and Rich, Charles},
  title   = {Explorations in engagement for humans and robots},
  journal = {Artificial Intelligence},
  year    = {2005},
  volume  = {166},
  number  = {1-2},
  pages   = {140--164}
}

@inproceedings{Steinert2020Engagement,
  author    = {Steinert, Lars and Putze, Felix and K{\"u}ster, Dennis and Schultz, Tanja},
  title     = {Towards Engagement Recognition of People with Dementia in Care Settings},
  booktitle = {Proceedings of the International Conference on Multimodal Interaction},
  year      = {2020},
  pages     = {558--565}
}

@misc{Sumer2021Multimodal,
  author  = {S{\"u}mer, {\"O}mer and Goldberg, Patricia and D'Mello, Sidney and Gerjets, Peter and Trautwein, Ulrich and Kasneci, Enkelejda},
  title = {Multimodal Engagement Analysis from Facial Videos in the Classroom},
  publisher = {arXiv:2101.04215},
  year = {2021},
}

@article{Trahan2014Systematic,
  author  = {Trahan, Maranda A and Kuo, Julie and Carlson, Michelle C and Gitlin, Laura N},
  title   = {A systematic review of strategies to foster activity engagement in persons with dementia},
  journal = {Health Education \& Behavior},
  year    = {2014},
  volume  = {41},
  number  = {1\_suppl},
  pages   = {70S--83S}
}

@article{Tulsulkar2021Can,
  author  = {Tulsulkar, Gauri and Mishra, Nidhi and Thalmann, Nadia Magnenat and Lim, Hwee Er and Lee, Mei Ping and Cheng, Siok Khoong},
  title   = {Can a humanoid social robot stimulate the interactivity of cognitively impaired elderly? A thorough study based on computer vision methods},
  journal = {The Visual Computer},
  year    = {2021},
  volume  = {37},
  pages   = {3019--3038}
}

@inproceedings{Vaswani2017Attention,
  author    = {Vaswani, Ashish and Shazeer, Noam and Parmar, Niki and Uszkoreit, Jakob and Jones, Llion and Gomez, Aidan N and Kaiser, {\L}ukasz and Polosukhin, Illia},
  title     = {Attention is all you need},
  booktitle = {Advances in Neural Information Processing Systems},
  year      = {2017}
}

@misc{Velivckovic2017Graph,
  author    = {Veli{\v{ckovi{\'c}}}, Petar and Cucurull, Guillem and Casanova, Arantxa and Romero, Adriana and Lio, Pietro and Bengio, Yoshua},
  title     = {Graph Attention Networks},
  publisher = {arXiv:1710.10903},
  year      = {2017}
}

@inproceedings{Wang2018NonLocal,
  author    = {Wang, Xiaolong and Girshick, Ross and Gupta, Abhinav and He, Kaiming},
  title     = {Non-Local Neural Networks},
  booktitle = {Proceedings of the IEEE/CVF Conference on Computer Vision and Pattern Recognition (CVPR)},
  year      = {2018},
  pages     = {7794--7803}
}

@misc{WHO2021Ageing,
  organization = {World Health Organization},
  title        = {Ageing and health},
  year         = {2021},
  month        = {Oct},
  howpublished = {https://www.who.int/news-room/fact-sheets/detail/ageing-and-health}
}

@misc{Zhang2021ByteTrack,
  author  = {Zhang, Yifu and Sun, Peize and Jiang, Yi and Yu, Dongdong and Yuan, Zehuan and Luo, Ping and Liu, Wenyu and Wang, Xinggang},
  title   = {{ByteTrack}: Multi-Object Tracking by Associating Every Detection Box},
  publisher = {arXiv:2110.06864},
  year    = {2021}
}

@inproceedings{Zhu2020Multirate,
  author    = {Zhu, Bin and Lan, Xinjie and Guo, Xin and Barner, Kenneth E and Boncelet, Charles},
  title     = {Multi-Rate Attention Based GRU Model for Engagement Prediction},
  booktitle = {Proceedings of the International Conference on Multimodal Interaction},
  year      = {2020},
  pages     = {841--848}
}
