@misc{WHO2021Ageing,
  organization = {World Health Organization},
  title        = {Ageing and health},
  year         = {2021},
  month        = {oct},
  howpublished = {https://www.who.int/news-room/fact-sheets/detail/ageing-and-health}
}

@article{Ghafurian2021Social,
  title   = {Social Robots for the Care of Persons with Dementia: A Systematic Review},
  author  = {Ghafurian, Moojan and Hoey, Jesse and Dautenhahn, Kerstin},
  journal = {ACM Transactions on Human-Robot Interaction},
  year    = {2021}
}

@article{Perugia2020ENGAGEDEM,
  title   = {{ENGAGE-DEM}: A Model of Engagement of People with Dementia},
  author  = {Perugia, Giulia and {D{\'i}az-Boladeras}, Marta and {Catal{\`a}-Mallofr{\'e}}, Andreu and Barakova, Emilia I. and Rauterberg, Matthias},
  journal = {IEEE Transactions on Affective Computing},
  year    = {2020}
}

@incollection{Poggi2013Mind,
  title     = {Mind, hands, face, and body: A sketch of a goal and belief view of multimodal communication},
  author    = {Poggi, Isabella},
  booktitle = {Body - Language - Communication},
  year      = {2013}
}

@article{Jones2018Engagement,
  title   = {Engagement of a Person with Dementia Scale: Establishing content validity and psychometric properties},
  author  = {Jones, Cindy and Sung, Billy and Moyle, Wendy},
  journal = {Journal of Advanced Nursing},
  year    = {2018}
}

@article{Salam2017Fully,
  title   = {Fully Automatic Analysis of Engagement and Its Relationship to Personality in Human-Robot Interactions},
  author  = {Salam, Hanan and Celiktutan, Oya and Hupont, Isabelle and Gunes, Hatice and Chetouani, Mohamed},
  journal = {IEEE Access},
  year    = {2017}
}

@article{Celiktutan2019Multimodal,
  title   = {Multimodal Human-Human-Robot Interactions (MHHRI) Dataset for Studying Personality and Engagement},
  author  = {Celiktutan, Oya and Skordos, Efstratios and Gunes, Hatice},
  journal = {IEEE Transactions on Affective Computing},
  year    = {2019}
}

@article{BenYoussef2019Early,
  title   = {Early Detection of User Engagement Breakdown in Spontaneous Human-Humanoid Interaction},
  author  = {Ben Youssef, Atef and Clavel, Chloe and Essid, Slim},
  journal = {IEEE Transactions on Affective Computing},
  year    = {2019}
}

@inproceedings{Saleh2021Improving,
  title     = {Improving Users Engagement Detection Using End-to-End Spatio-Temporal Convolutional Neural Networks},
  author    = {Saleh, Khaled and Yu, Kun and Chen, Fang},
  booktitle = {Companion of the ACM/IEEE International Conference on Human-Robot Interaction},
  year      = {2021}
}

@article{DelDuchetto2020Are,
  title   = {Are You Still With Me? Continuous Engagement Assessment from a Robot's Point of View},
  author  = {Del Duchetto, Francesco and Baxter, Paul and Hanheide, Marc},
  journal = {Frontiers in Robotics and AI},
  year    = {2020}
}

@article{BenEliyahu2018Investigating,
  title   = {Investigating the Multidimensionality of Engagement: Affective, Behavioral, and Cognitive Engagement across Science Activities and Contexts},
  author  = {{Ben-Eliyahu}, Adar and Moore, Debra and Dorph, Rena and Schunn, Christian D.},
  journal = {Contemporary Educational Psychology},
  year    = {2018}
}

@inproceedings{Zhu2020Multirate,
  title     = {Multi-Rate Attention Based GRU Model for Engagement Prediction},
  author    = {Zhu, Bin and Lan, Xinjie and Guo, Xin and Barner, Kenneth E. and Boncelet, Charles},
  booktitle = {Proceedings of the International Conference on Multimodal Interaction},
  year      = {2020}
}

@inproceedings{Rudovic2019Personalized,
  title     = {Personalized Estimation of Engagement from Videos Using Active Learning with Deep Reinforcement Learning},
  author    = {Rudovic, Ognjen and Park, Hae Won and Busche, John and Schuller, Bjorn and Breazeal, Cynthia and Picard, Rosalind W.},
  booktitle = {Proceedings of the IEEE/CVF Conference on Computer Vision and Pattern Recognition Workshops (CVPRW)},
  year      = {2019}
}

@article{Sumer2021Multimodal,
  title   = {Multimodal Engagement Analysis from Facial Videos in the Classroom},
  author  = {S{\"u}mer, {\"O}mer and Goldberg, Patricia and D'Mello, Sidney and Gerjets, Peter and Trautwein, Ulrich and Kasneci, Enkelejda},
  journal = {arXiv:2101.04215},
  year    = {2021}
}

@article{Monkaresi2017Automated,
  title   = {Automated Detection of Engagement Using Video-Based Estimation of Facial Expressions and Heart Rate},
  author  = {Monkaresi, Hamed and Bosch, Nigel and Calvo, Rafael A. and D'Mello, Sidney K.},
  journal = {IEEE Transactions on Affective Computing},
  year    = {2017}
}

@article{Abedi2021Affectdriven,
  title   = {Affect-Driven Engagement Measurement from Videos},
  author  = {Abedi, Ali and Khan, Shehroz},
  journal = {arXiv:2106.10882},
  year    = {2021}
}

@article{Gao2020NGage,
  title   = {N-{Gage}: Predicting in-Class Emotional, Behavioural and Cognitive Engagement in the Wild},
  author  = {Gao, Nan and Shao, Wei and Rahaman, Mohammad Saiedur and Salim, Flora D.},
  journal = {Proceedings of the ACM on Interactive, Mobile, Wearable and Ubiquitous Technologies},
  year    = {2020}
}

@article{Krizhevsky2012Imagenet,
  title={Imagenet classification with deep convolutional neural networks},
  author={Krizhevsky, Alex and Sutskever, Ilya and Hinton, Geoffrey E.},
  journal={Advances in neural information processing systems},
  year={2012}
}

@inproceedings{Anagnostopoulou2021Engagement,
  title     = {Engagement Estimation During Child Robot Interaction Using Deep Convolutional Networks Focusing on ASD Children},
  author    = {Anagnostopoulou, Dafni and Efthymiou, Niki and Papailiou, Christina and Maragos, Petros},
  booktitle = {IEEE International Conference on Robotics and Automation},
  year      = {2021}
}

@article{Jain2020Modeling,
  title   = {Modeling Engagement in Long-Term, in-Home Socially Assistive Robot Interventions for Children with Autism Spectrum Disorders},
  author  = {Jain, Shomik and Thiagarajan, Balasubramanian and Shi, Zhonghao and Clabaugh, Caitlyn and Matari{\'c}, Maja J.},
  journal = {Science Robotics},
  year    = {2020}
}

@inproceedings{Steinert2020Engagement,
  title     = {Towards Engagement Recognition of People with Dementia in Care Settings},
  author    = {Steinert, Lars and Putze, Felix and K{\"u}ster, Dennis and Schultz, Tanja},
  booktitle = {Proceedings of the International Conference on Multimodal Interaction},
  year      = {2020}
}

@inproceedings{He2016Deep,
  title     = {Deep Residual Learning for Image Recognition},
  author    = {He, Kaiming and Zhang, Xiangyu and Ren, Shaoqing and Sun, Jian},
  booktitle = {Proceedings of the IEEE Conference on Computer Vision and Pattern Recognition (CVPR)},
  year      = {2016}
}

@inproceedings{Wang2018NonLocal,
  title     = {Non-Local Neural Networks},
  author    = {Wang, Xiaolong and Girshick, Ross and Gupta, Abhinav and He, Kaiming},
  booktitle = {Proceedings of the IEEE/CVF Conference on Computer Vision and Pattern Recognition (CVPR)},
  year      = {2018}
}

@inproceedings{Velivckovic2017Graph,
  title     = {Graph Attention Networks},
  author    = {Veli{\v{ckovi{\'c}}}, Petar and Cucurull, Guillem and Casanova, Arantxa and Romero, Adriana and Lio, Pietro and Bengio, Yoshua},
  booktitle = {Proceedings of the International Conference on Learning Representations},
  year      = {2017}
}

@article{Guhan2020ABCNet,
  title   = {ABC-Net: Semi-Supervised Multimodal {GAN}-based Engagement Detection Using an Affective, Behavioral and Cognitive Model},
  author  = {Guhan, Pooja and Agarwal, Manas and Awasthi, Naman and Reeves, Gloria and Manocha, Dinesh and Bera, Aniket},
  journal = {arXiv:2011.08690},
  year    = {2020}
}

@inproceedings{Chen2021Deep,
  title={Deep analysis of cnn-based spatio-temporal representations for action recognition},
  author={Chen, Chun-Fu Richard and Panda, Rameswar and Ramakrishnan, Kandan and Feris, Rogerio and Cohn, John and Oliva, Aude and Fan, Quanfu},
  booktitle={Proceedings of the IEEE Conference on Computer Vision and Pattern Recognition (CVPR)},
  year={2021}
}

@inproceedings{Hara2018Can,
  title={Can spatiotemporal 3d cnns retrace the history of 2d cnns and imagenet?},
  author={Hara, Kensho and Kataoka, Hirokatsu and Satoh, Yutaka},
  booktitle={Proceedings of the IEEE Conference on Computer Vision and Pattern Recognition (CVPR)},
  year={2018}
}

@article{Oertel2020Engagement,
  title   = {Engagement in Human-Agent Interaction: An Overview},
  author  = {Oertel, Catharine and Castellano, Ginevra and Chetouani, Mohamed and Nasir, Jauwairia and Obaid, Mohammad and Pelachaud, Catherine and Peters, Christopher},
  journal = {Frontiers in Robotics and AI},
  year    = {2020}
}

@article{Sidner2005Explorations,
  title   = {Explorations in engagement for humans and robots},
  author  = {Sidner, Candace L. and Lee, Christopher and Kidd, Cory D. and Lesh, Neal and Rich, Charles},
  journal = {Artificial Intelligence},
  year    = {2005}
}

@inproceedings{Castellano2009Detecting,
  title     = {Detecting User Engagement with a Robot Companion Using Task and Social Interaction-Based Features},
  author    = {Castellano, Ginevra and Pereira, Andr{\'e} and Leite, Iolanda and Paiva, Ana and McOwan, Peter W.},
  booktitle = {Proceedings of the International Conference on Multimodal Interfaces},
  year      = {2009}
}

@book{Christenson2012Handbook,
  title     = {Handbook of research on student engagement},
  author    = {Christenson, Sandra and Reschly, Amy L. and Wylie, Cathy and others},
  publisher = {Springer},
  year      = {2012}
}

@article{OBrien2008What,
  title   = {What is user engagement? A conceptual framework for defining user engagement with technology},
  author  = {O'Brien, Heather L. and Toms, Elaine G.},
  journal = {Journal of the American Society for Information Science and Technology},
  year    = {2008}
}

@article{CohenMansfield2011Comprehensive,
  title   = {The Comprehensive Process Model of Engagement},
  author  = {Jiska Cohen-Mansfield and Marcia S. Marx and Laurence S. Freedman and Havi Murad and Natalie G. Regier and Khin Thein and Maha Dakheel-Ali},
  journal = {The American Journal of Geriatric Psychiatry},
  year    = {2011}
}

@article{Archambault2017Joint,
  title   = {Joint trajectories of behavioral, affective, and cognitive engagement in elementary school},
  author  = {Archambault, Isabelle and Dup{\'e}r{\'e}, V{\'e}ronique},
  journal = {The Journal of Educational Research},
  year    = {2017}
}

@incollection{Corrigan2016Engagement,
  title     = {Engagement perception and generation for social robots and virtual agents},
  author    = {Corrigan, Lee J. and Peters, Christopher and K{\"u}ster, Dennis and Castellano, Ginevra},
  booktitle = {Toward Robotic Socially Believable Behaving Systems},
  year      = {2016}
}

@article{Oertel2021EngagementAware,
  title   = {Towards an Engagement-Aware Attentive Artificial Listener for Multi-Party Interactions},
  author  = {Oertel, Catharine and Jonell, Patrik and Kontogiorgos, Dimosthenis and Mora, Kenneth Funes and Odobez, Jean-Marc and Gustafson, Joakim},
  journal = {Frontiers in Robotics and AI},
  year    = {2021}
}

@article{Guo2013Facial,
  title   = {Facial Expression Recognition Influenced by Human Aging},
  author  = {Guo, Guodong and Guo, Rui and Li, Xin},
  journal = {IEEE Transactions on Affective Computing},
  year    = {2013}
}

@article{Folster2014Facial,
  title   = {Facial age affects emotional expression decoding},
  author  = {F{\"o}lster, Mara and Hess, Ursula and Werheid, Katja},
  journal = {Frontiers in Psychology},
  year    = {2014}
}

@article{Cohen2009Engagement,
  title   = {Engagement in Persons With Dementia: The Concept and Its Measurement},
  author  = {Cohen-Mansfield, Jiska and Dakheel-Ali, Maha and Marx, Marcia S},
  journal = {The American Journal of Geriatric Psychiatry},
  year    = {2009}
}

@article{Trahan2014Systematic,
  title   = {A systematic review of strategies to foster activity engagement in persons with dementia},
  author  = {Trahan, Maranda A. and Kuo, Julie and Carlson, Michelle C. and Gitlin, Laura N},
  journal = {Health Education \& Behavior},
  year    = {2014}
}

@article{Moyle2017Use,
  title   = {Use of a Robotic Seal as a Therapeutic Tool to Improve Dementia Symptoms: A Cluster-Randomized Controlled Trial},
  author  = {Moyle, Wendy and Jones, Cindy J. and Murfield, Jenny E. and Thalib, Lukman and Beattie, Elizabeth R. A. and Shum, David K. H. and O'Dwyer, Siobhan T. and Mervin, M. Cindy and Draper, Brian M.},
  journal = {Journal of the American Medical Directors Association},
  year    = {2017}
}

@article{Feng2021ContextEnhanced,
  title   = {Context-Enhanced Human-Robot Interaction: Exploring the Role of System Interactivity and Multimodal Stimuli on the Engagement of People with Dementia},
  author  = {Feng, Yuan and Perugia, Giulia and Yu, Suihuai and Barakova, Emilia I. and Hu, Jun and Rauterberg, G. W. Matthias},
  journal = {International Journal of Social Robotics},
  year    = {2021}
}

@inproceedings{Baltrusaitis2018OpenFace,
  title     = {OpenFace 2.0: Facial Behavior Analysis Toolkit},
  author    = {Baltrusaitis, Tadas and Zadeh, Amir and Lim, Yao Chong and Morency, Louis-Philippe},
  booktitle = {Proceedings of the IEEE International Conference on Automatic Face \& Gesture Recognition},
  year      = {2018}
}

@inproceedings{Parkhi2015Deep,
  title     = {Deep Face Recognition},
  author    = {Omkar M. Parkhi and Andrea Vedaldi and Andrew Zisserman},
  booktitle = {Proceedings of the British Machine Vision Conference},
  year      = {2015}
}

@inproceedings{Deng2009ImageNet,
  title     = {{ImageNet}: A Large-Scale Hierarchical Image Database},
  author    = {Deng, Jia and Dong, Wei and Socher, Richard and Li, Li-Jia and Li, Kai and Li, Fei-Fei},
  booktitle = {Proceedings of the IEEE Conference on Computer Vision and Pattern Recognition (CVPR)},
  year      = {2009}
}

@article{Zhang2021ByteTrack,
  title   = {{ByteTrack}: Multi-Object Tracking by Associating Every Detection Box},
  author  = {Zhang, Yifu and Sun, Peize and Jiang, Yi and Yu, Dongdong and Yuan, Zehuan and Luo, Ping and Liu, Wenyu and Wang, Xinggang},
  journal = {arXiv:2110.06864},
  year    = {2021}
}

@inproceedings{Deng2020RetinaFace,
  title     = {{RetinaFace}: Single-Shot Multi-Level Face Localisation in the Wild},
  author    = {Deng, Jiankang and Guo, Jia and Ververas, Evangelos and Kotsia, Irene and Zafeiriou, Stefanos},
  booktitle = {Proceedings of the IEEE Conference on Computer Vision and Pattern Recognition (CVPR)},
  year      = {2020}
}

@inproceedings{She2021Dive,
  title={Dive into ambiguity: latent distribution mining and pairwise uncertainty estimation for facial expression recognition},
  author={She, Jiahui and Hu, Yibo and Shi, Hailin and Wang, Jun and Shen, Qiu and Mei, Tao},
  booktitle={Proceedings of the IEEE Conference on Computer Vision and Pattern Recognition (CVPR)},
  year={2021}
}


@inproceedings{He2017Mask,
  title     = {Mask {R-CNN}},
  author    = {He, Kaiming and Gkioxari, Georgia and Doll{\'a}r, Piotr and Girshick, Ross},
  booktitle = {Proceedings of the IEEE Conference on Computer Vision and Pattern Recognition (CVPR)},
  year      = {2017}
}

@inproceedings{Vaswani2017Attention,
  title     = {Attention is all you need},
  author    = {Vaswani, Ashish and Shazeer, Noam and Parmar, Niki and Uszkoreit, Jakob and Jones, Llion and Gomez, Aidan N. and Kaiser, {\L}ukasz and Polosukhin, Illia},
  booktitle = {Advances in Neural Information Processing Systems},
  year      = {2017}
}

@book{Goffman1981Forms,
  title     = {Forms of talk},
  author    = {Goffman, Erving},
  year      = {1981},
  publisher = {University of Pennsylvania Press}
}

@book{Clark1996Using,
  title     = {Using language},
  author    = {Clark, Herbert H.},
  year      = {1996},
  publisher = {Cambridge university press}
}

@article{Kay2017Kinetics,
  title   = {The Kinetics Human Action Video Dataset},
  author  = {Kay, Will and Carreira, Joao and Simonyan, Karen and Zhang, Brian and Hillier, Chloe and Vijayanarasimhan, Sudheendra and Viola, Fabio and Green, Tim and Back, Trevor and Natsev, Paul and Suleyman, Mustafa and Zisserman, Andrew},
  year    = {2017},
  journal = {arXiv:1705.06950}
}

@article{Scarselli2008Graph,
  title={The graph neural network model},
  author={Scarselli, Franco and Gori, Marco and Tsoi, Ah Chung and Hagenbuchner, Markus and Monfardini, Gabriele},
  journal={IEEE Transactions on Neural Networks},
  year={2008}
}

@inproceedings{Mishra2021Does,
  title={Does elderly enjoy playing bingo with a robot? a case study with the humanoid robot nadine},
  author={Mishra, Nidhi and Tulsulkar, Gauri and Li, Hanhui and Thalmann, Nadia Magnenat and Er, Lim Hwee and Ping, Lee Mei and Khoong, Cheng Siok},
  booktitle={Computer Graphics International Conference},
  year={2021}
}

@article{Tulsulkar2021Can,
  title={Can a humanoid social robot stimulate the interactivity of cognitively impaired elderly? A thorough study based on computer vision methods},
  author={Tulsulkar, Gauri and Mishra, Nidhi and Thalmann, Nadia Magnenat and Lim, Hwee Er and Lee, Mei Ping and Cheng, Siok Khoong},
  journal={The Visual Computer},
  year={2021}
}
% ===============================================================

@inproceedings{Hadfield2019Deep,
  title     = {A Deep Learning Approach for Multi-View Engagement Estimation of Children in a Child-Robot Joint Attention Task},
  booktitle = {IEEE/RSJ International Conference on Intelligent Robots and Systems},
  author    = {Hadfield, Jack and Chalvatzaki, Georgia and Koutras, Petros and Khamassi, Mehdi and Tzafestas, Costas S. and Maragos, Petros},
  year      = {2019}
}

@inproceedings{Parekh2018AVEID,
  title     = {AVEID: Automatic Video System for Measuring Engagement In Dementia},
  booktitle = {Proceedings of the International Conference on Intelligent User Interfaces},
  author    = {Parekh, Viral and Foong, Pin Sym and Zhao, Shengdong and Subramanian, Ramanathan},
  year      = {2018}
}

@inproceedings{Park2019ModelFree,
  title     = {A Model-Free Affective Reinforcement Learning Approach to Personalization of an Autonomous Social Robot Companion for Early Literacy Education},
  author    = {Park, Hae Won and Grover, Ishaan and Spaulding, Samuel and Gomez, Louis and Breazeal, Cynthia},
  year      = {2019},
  booktitle = {Proceedings of the AAAA Conference on Artificial Intelligence}
}